% BOOKS
@book{CFZ,
  title={Principles and theory for data mining and machine learning},
  author={Clarke, Bertrand Salem and Fokou{\'e}, Ernest and Zhang, Hao Helen},
  year={2009},
  publisher={Springer},
}


@book{FDA,
       author = {Ramsay, J.O. and Silverman, B.W.},
       year = {2005},
       title = {Functional Data Analysis},
       publisher = {Springer},
     }

@book{Gu2002,
       author = {Chong Gu},
       year = {2002},
       title = {Smoothing Spline ANOVA Models},
       publisher = {Springer},
     }
		 
@article{Wahba:1990,
  title={Spline models for observational data},
  author={Wahba, Grace},
  volume={59},
  year={1990},
  publisher={Siam}
}

%%%%%%%%%%%%%%%%%%%% other non-electronic papers %%%%%%%%%%%%



@article{ Voltz:1994,
  title={Geostatistical interpolation of curves: a case study in soil science},
  author={Goulard, M and Voltz, M},
  booktitle={Geostatistics Tr{\'o}iaâ€™92},
  pages={805--816},
  year={1993},
  publisher={Springer}
}


@article{Goulard:1993,
Author = { Goulard, M and Voltz, M},
Title = {{Geostatistical Interpolation of Curves: A Case Study in Soil Science}},
Journal = {{Geostatistics Troia}},
Year = {{1992}},
Volume = {{2}},
Number = {{Soares A (ed.)}},
Pages = {{805-816}},
}
