% BOOKS
@book{CFZ,
  title={Principles and theory for data mining and machine learning},
  author={Clarke, Bertrand Salem and Fokou{\'e}, Ernest and Zhang, Hao Helen},
  year={2009},
  publisher={Springer},
}

@book{cressie1993statistics,
  title={Statistics for Spatial Data},
  author={Cressie, N},
  year={1993},
  publisher={Wiley-Interscience New York}
}

@book{FDA,
       author = {Ramsay, J.O. and Silverman, B.W.},
       year = {2005},
       title = {Functional Data Analysis},
       publisher = {Springer},
     }

@book{Gu2002,
       author = {Chong Gu},
       year = {2002},
       title = {Smoothing Spline ANOVA Models},
       publisher = {Springer},
     }
		 
@book{Wahba:1990,
  title={Spline models for observational data},
  author={Wahba, Grace},
  volume={59},
  year={1990},
  publisher={Siam}
}

@book{wackernagel2003multivariate,
  title={Multivariate geostatistics},
  author={Wackernagel, Hans},
  year={2003},
  publisher={Springer}
}


@book{ferraty2006nonparametric,
  title={Nonparametric functional data analysis: theory and practice},
  author={Ferraty, Fr{\'e}d{\'e}ric and Vieu, Philippe},
  year={2006},
  publisher={Springer}
}


%%%%%%%%%%%%%%%%%%%% other non-electronic papers %%%%%%%%%%%%

@incollection{dash2009remote,
  title={Remote sensing of terrestrial chlorophyll content},
  author={Dash, Jadunandan and Curran, Paul J and Foody, Giles M},
  booktitle={Global Climatology and Ecodynamics},
  pages={77--105},
  year={2009},
  publisher={Springer}
}

@incollection{Goulard:1993,
  title={Geostatistical interpolation of curves: a case study in soil science},
  author={Goulard, M and Voltz, M},
  booktitle={Geostatistics Tr{\'o}iaâ€™92},
  pages={805--816},
  year={1993},
  publisher={Springer}
}


@article{Voltz:1994,
  title={Spatial interpolation of soil moisture retention curves},
  author={Voltz, Marc and Goulard, Michel},
  journal={Geoderma},
  volume={62},
  number={1},
  pages={109--123},
  year={1994},
  publisher={Elsevier}
}



